@book{HairerAndWanner1,
  title={Solving Ordinary Differential Equations {I}: Nonstiff Problems},
  author={Hairer, Ernst and N{\o}rsett, Syvert P. and Wanner, Gerhard},
  series={Springer Series in Computational Mathematics},
  volume={8},
  edition={2},
  year={1993},
  publisher={Springer Berlin, Heidelberg},
  pages={XV, 528},
  isbn={978-3-540-56670-0},
  doi={10.1007/978-3-540-78862-1},
  url={https://doi.org/10.1007/978-3-540-78862-1}
}

@article{abdulle2002fourth,
  title={Fourth Order Chebyshev Methods with Recurrence Relation},
  author={Abdulle, Assyr},
  journal={SIAM Journal on Scientific Computing},
  volume={23},
  number={6},
  pages={2041--2054},
  year={2002},
  publisher={Society for Industrial and Applied Mathematics},
  doi={10.1137/S1064827500379549}
}